@article{roache1994perspective,
  title={Perspective: a method for uniform reporting of grid refinement studies},
  author={Roache, PJ},
  journal={Transactions-American Society of Mechanical Engineers Journal of Fluids Engineering},
  volume={116},
  pages={405--405},
  year={1994},
  publisher={American Society Mechanical Engineers}
}

@article{choi1993application,
  title={The application of preconditioning in viscous flows},
  author={Choi, Y.H. and Merkle, C.L.},
  journal={Journal of Computational Physics},
  volume={105},
  number={2},
  pages={207--223},
  year={1993},
  publisher={Elsevier}
}